@article{loregian2015co,
  title={This is the (co) end, my only (co) friend},
  author={Loregian, Fosco},
  journal={arXiv preprint arXiv:1501.02503},
  year={2015}
}

@article {MR3482285,
    AUTHOR = {Jaskelioff, Mauro and O'Connor, Russell},
     TITLE = {A representation theorem for second-order functionals},
   JOURNAL = {J. Funct. Programming},
  FJOURNAL = {Journal of Functional Programming},
    VOLUME = {25},
      YEAR = {2015},
     PAGES = {e13, 36},
      ISSN = {0956-7968},
   MRCLASS = {Preliminary Data},
  MRNUMBER = {3482285},
       DOI = {10.1017/S0956796815000088},
       URL = {http://dx.doi.org/10.1017/S0956796815000088},
}

@article {MR2425558,
    AUTHOR = {Pastro, Craig and Street, Ross},
     TITLE = {Doubles for monoidal categories},
   JOURNAL = {Theory Appl. Categ.},
  FJOURNAL = {Theory and Applications of Categories},
    VOLUME = {21},
      YEAR = {2008},
     PAGES = {No. 4, 61--75},
      ISSN = {1201-561X},
   MRCLASS = {18D10},
  MRNUMBER = {2425558},
MRREVIEWER = {Aurora del R{\'{\i}}o},
}