@ARTICLE{CoendCofriend,
   author = {{Loregian}, F.},
    title = "{This is the (co)end, my only (co)friend}",
  journal = {ArXiv e-prints},
archivePrefix = "arXiv",
   eprint = {1501.02503},
 primaryClass = "math.CT",
 keywords = {Mathematics - Category Theory, 18A23, 18A40, 18D20},
     year = 2015,
    month = jan,
   adsurl = {http://adsabs.harvard.edu/abs/2015arXiv150102503L},
  adsnote = {Provided by the SAO/NASA Astrophysics Data System}
}


@article {SecondOrderFunctionals,
    AUTHOR = {Jaskelioff, Mauro and O'Connor, Russell},
     TITLE = {A representation theorem for second-order functionals},
   JOURNAL = {J. Funct. Programming},
  FJOURNAL = {Journal of Functional Programming},
    VOLUME = {25},
      YEAR = {2015},
     PAGES = {e13, 36},
      ISSN = {0956-7968},
   MRCLASS = {Preliminary Data},
  MRNUMBER = {3482285},
       DOI = {10.1017/S0956796815000088},
       URL = {http://dx.doi.org/10.1017/S0956796815000088},
}

@article {Doubles,
    AUTHOR = {Pastro, Craig and Street, Ross},
     TITLE = {Doubles for monoidal categories},
   JOURNAL = {Theory Appl. Categ.},
  FJOURNAL = {Theory and Applications of Categories},
    VOLUME = {21},
      YEAR = {2008},
     PAGES = {No. 4, 61--75},
      ISSN = {1201-561X},
   MRCLASS = {18D10},
  MRNUMBER = {2425558},
MRREVIEWER = {Aurora del R{\'{\i}}o},
}

@unpublished{OnTheTrace,
  TITLE={On the trace of an endofunctor of a small category},
  AUTHOR={Faro, Emilio},
  YEAR={2008},
  NOTE={Centre de Recerca Matem{\`a}tica}
}

@article {ObjectiveTriangleFunctors,
    AUTHOR = {Ringel, Claus Michael and Zhang, Pu},
     TITLE = {Objective triangle functors},
   JOURNAL = {Sci. China Math.},
  FJOURNAL = {Science China. Mathematics},
    VOLUME = {58},
      YEAR = {2015},
    NUMBER = {2},
     PAGES = {221--232},
      ISSN = {1674-7283},
   MRCLASS = {18A22},
  MRNUMBER = {3301059},
MRREVIEWER = {Gigel Militaru},
       DOI = {10.1007/s11425-014-4954-4},
       URL = {http://dx.doi.org/10.1007/s11425-014-4954-4},
}